<?xml version="1.0" encoding="UTF-8"?><collection xmlns="http://www.loc.gov/MARC21/slim"><record><leader>00434nam--2200121-i-4500</leader><controlfield tag="001">000010096</controlfield><controlfield tag="002">20161230</controlfield><controlfield tag="005">20161230201028</controlfield><controlfield tag="008">060222s1000------------r-----000-0-eng-d</controlfield><datafield ind1=" " ind2=" " tag="245"><subfield code="a">Designing with ttl integrated circuits. prepared by the ic applications staff of texas instruments incorporated</subfield></datafield><datafield ind1=" " ind2=" " tag="260"><subfield code="a">New York, Mcgraw-hill Book Co., 1971</subfield></datafield><datafield ind1=" " ind2=" " tag="490"><subfield code="a">Texas Instrument Electronics Series</subfield></datafield><datafield ind1=" " ind2=" " tag="700"><subfield code="a">Morris, Robert L.And Miller, John R</subfield></datafield></record></collection>